<record><leader>00000cas a22000007i 4500</leader><controlfield tag="001">862979146</controlfield><controlfield tag="006">m     o  d        </controlfield><controlfield tag="007">cr |n|000|||||</controlfield><controlfield tag="008">840919d18691941inuwr neo     0   a0eng  </controlfield><datafield ind1=" " ind2=" " tag="010"><subfield code="a">  2013272084</subfield></datafield><datafield ind1=" " ind2=" " tag="040"><subfield code="a">Nz</subfield><subfield code="b">eng</subfield><subfield code="e">rda</subfield><subfield code="c">Z5A</subfield><subfield code="d">DLC</subfield><subfield code="d">OCLCF</subfield></datafield><datafield ind1="0" ind2=" " tag="022"><subfield code="a">2332-2586</subfield><subfield code="2">1</subfield></datafield><datafield ind1="0" ind2=" " tag="029"><subfield code="a">NZ1</subfield><subfield code="b">15127591</subfield></datafield><datafield ind1=" " ind2=" " tag="042"><subfield code="a">msc</subfield><subfield code="a">nsdp</subfield></datafield><datafield ind1=" " ind2=" " tag="043"><subfield code="a">n-us-in</subfield></datafield><datafield ind1="1" ind2="0" tag="050"><subfield code="a">ISSN RECORD</subfield></datafield><datafield ind1="0" ind2="0" tag="082"><subfield code="a">071</subfield><subfield code="2">23</subfield></datafield><datafield ind1="0" ind2=" " tag="130"><subfield code="a">Plymouth Democrat (Online)</subfield></datafield><datafield ind1=" " ind2="4" tag="222"><subfield code="a">The Plymouth Democrat</subfield><subfield code="b">(Online)</subfield></datafield><datafield ind1="1" ind2="4" tag="245"><subfield code="a">The Plymouth Democrat.</subfield></datafield><datafield ind1=" " ind2="1" tag="264"><subfield code="a">Plymouth, Indiana  :</subfield><subfield code="b">D. E. Van Valkenburgh,</subfield><subfield code="c">1869-</subfield></datafield><datafield ind1=" " ind2=" " tag="310"><subfield code="a">Weekly</subfield></datafield><datafield ind1=" " ind2=" " tag="336"><subfield code="a">text</subfield><subfield code="b">txt</subfield><subfield code="2">rdacontent</subfield></datafield><datafield ind1=" " ind2=" " tag="337"><subfield code="a">computer</subfield><subfield code="b">c</subfield><subfield code="2">rdamedia</subfield></datafield><datafield ind1=" " ind2=" " tag="338"><subfield code="a">online resource</subfield><subfield code="b">cr</subfield><subfield code="2">rdacarrier</subfield></datafield><datafield ind1="1" ind2=" " tag="362"><subfield code="a">Began with vol. XV, no. 1 (September 9, 1869); ceased  January 1, 1941.</subfield></datafield><datafield ind1=" " ind2=" " tag="580"><subfield code="a">Also published in daily editions called: Daily independent, 1895-1909; Plymouth daily Democrat, 1909-1932; Plymouth daily news; or, Plymouth daily Democrat, 1932-1942.</subfield></datafield><datafield ind1=" " ind2=" " tag="588"><subfield code="a">Description based on: Vol. XV, no. 1 (September 9, 1869); title from masthead (Chroniclingamerica.loc.gov, viewed November 20, 2013).</subfield></datafield><datafield ind1=" " ind2=" " tag="588"><subfield code="a">Latest issue consulted: Volume XVI, number 17 (December 29, 1870) (Chroniclingamerica.loc.gov, viewed November 20, 2013).</subfield></datafield><datafield ind1=" " ind2="0" tag="651"><subfield code="a">Plymouth (Ind.)</subfield><subfield code="v">Newspapers.</subfield></datafield><datafield ind1=" " ind2="7" tag="655"><subfield code="a">Newspapers.</subfield><subfield code="2">fast</subfield><subfield code="0">(OCoLC)fst01423814</subfield></datafield><datafield ind1=" " ind2="7" tag="651"><subfield code="a">Indiana</subfield><subfield code="z">Plymouth.</subfield><subfield code="2">fast</subfield><subfield code="0">(OCoLC)fst01218147</subfield></datafield><datafield ind1=" " ind2=" " tag="752"><subfield code="a">United States</subfield><subfield code="b">Indiana</subfield><subfield code="c">Marshall</subfield><subfield code="d">Plymouth.</subfield></datafield><datafield ind1="1" ind2=" " tag="775"><subfield code="t">Daily independent (Plymouth, Ind. : Online)</subfield></datafield><datafield ind1="1" ind2=" " tag="775"><subfield code="t">Plymouth daily Democrat (Online)</subfield></datafield><datafield ind1="1" ind2=" " tag="775"><subfield code="t">Plymouth daily news, or, Plymouth daily Democrat (Online)</subfield></datafield><datafield ind1="0" ind2="8" tag="776"><subfield code="i">Originally issued in print:</subfield><subfield code="t">Plymouth Democrat</subfield><subfield code="x">2332-256X</subfield><subfield code="w">(DLC)sn 84038005</subfield><subfield code="w">(OCoLC)11172584</subfield></datafield><datafield ind1="0" ind2="0" tag="780"><subfield code="t">Plymouth weekly Democrat (Online)</subfield><subfield code="x">2328-7918</subfield><subfield code="w">(DLC)  2013218770</subfield><subfield code="w">(OCoLC)841400450</subfield></datafield><datafield ind1="0" ind2="5" tag="780"><subfield code="t">Marshall County independent (Plymouth, Ind. : 1897 : Online)</subfield><subfield code="x">2328-8019</subfield><subfield code="w">(DLC)  2013218773</subfield><subfield code="w">(OCoLC)841407559</subfield></datafield><datafield ind1="4" ind2="0" tag="856"><subfield code="u">http://www.loc.gov/chroniclingamerica/lccn/sn84038005</subfield></datafield></record>